%% This BibTeX bibliography file was created using BibDesk.
%% http://bibdesk.sourceforge.net/


%% Created for Rasmus Prentow at 2010-02-16 13:55:54 +0100 


%% Saved with string encoding Unicode (UTF-8) 


%% Webpages:

@Misc{Heinz10,
	author = {Harvey Heinz},
	title  ={Magic Cube Definitions},
	year = {2010},
	month = {February},
	url = {http://members.shaw.ca/hdhcubes/cube_define.htm},
	howpublished = {WWW},
	note = {Last viewed: 17/2}
}

@Misc{Heinz09,
	author = {Harvey Heinz},
	title  ={Magic Cubes - The Basics},
	year = {2009},
	month = {October},
	url = {http://members.shaw.ca/hdhcubes/cube\_basics.htm},
	howpublished = {WWW},
	note = {Last viewed: 17/2}
}

@misc{speedsolving.com,
	Author = {Forum; Various arthors},
	Date-Added = {2010-02-16 13:53:10 +0100},
	Date-Modified = {2010-02-16 13:53:10 +0100},
	Howpublished = {WWW},
	Keywords = {forum},
	Month = {February},
	Note = {Last viewed: 16/2},
	Title = {Speedsolving.com - All Puzzles. All The Time : Speedsolving the Rubik's Cube},
	Url = {http://www.speedsolving.com/},
	Year = {2010},
	Bdsk-Url-1 = {http://www.speedsolving.com/}}

@misc{speedcubing.dk,
	Author = {Forum; Various arthors},
	Date-Added = {2010-02-16 13:49:22 +0100},
	Date-Modified = {2010-02-16 13:54:31 +0100},
	Howpublished = {WWW},
	Keywords = {forum},
	Month = {February},
	Note = {Last viewed: 16/2},
	Title = {Speedcubing.dk - alt om speedcubing i danmark},
	Url = {http://speedcubing.dk/},
	Year = {2010}}

@misc{jasminLee08,
	Author = {Jasmin Lee},
	Date-Added = {2010-02-16 13:46:04 +0100},
	Date-Modified = {2010-02-16 13:49:15 +0100},
	Day = {17},
	Howpublished = {PDF and WWW},
	Keywords = {guides},
	Month = {July},
	Note = {Last viewed: 16/2},
	Title = {Beginner Solution to the Rubik's Cube},
	Url = {http://peter.stillhq.com/jasmine/rubikscubesolution.html},
	Year = {2008}}

@misc{wca,
	Author = {Ron van Bruchem and Tyson Mao and Masayuki Akimoto},
	Date-Added = {2010-02-16 13:36:19 +0100},
	Date-Modified = {2010-02-16 13:36:19 +0100},
	Howpublished = {WWW},
	Keywords = {wca},
	Month = {February},
	Note = {Last viewed: 16/2},
	Title = {World Cube Association},
	Url = {http://www.worldcubeassociation.org/},
	Year = {2010},
	Bdsk-Url-1 = {http://www.worldcubeassociation.org/}}

@misc{wca/competitions,
	Author = {Ron van Bruchem and Tyson Mao and Masayuki Akimoto},
	Date-Added = {2010-02-16 13:29:11 +0100},
	Date-Modified = {2010-02-16 13:37:11 +0100},
	Howpublished = {WWW},
	Keywords = {wca},
	Month = {February},
	Note = {Last viewed: 16/2},
	Title = {World Cube Association - Official Results},
	Url = {http://www.worldcubeassociation.org/competitions},
	Year = {2010}}

@misc{Singmaster98,
	Author = {David Singmaster},
	Date = {22},
	Date-Modified = {2010-02-16 13:37:41 +0100},
	Howpublished = {WWW},
	Keywords = {context},
	Month = {December},
	Note = {Last viewed: 15/2},
	Title = {THE UNREASONABLE UTILITY OF RECREATIONAL MATHEMATICS},
	Url = {http://www.eldar.org/~problemi/singmast/ecmutil.html},
	Year = {1998},
	Bdsk-Url-1 = {http://www.eldar.org/~problemi/singmast/ecmutil.html}}

@misc{jaapsch,
	Author = {Jaap Scherphuis},
	Date-Modified = {2010-02-16 13:32:59 +0100},
	Howpublished = {WWW},
	Keywords = {context},
	Note = {Last viewed: 16/2},
	Title = {Jaap's Puzzle Page},
	Url = {http://www.jaapsch.net/puzzles/},
	Year = {2010},
	Bdsk-Url-1 = {http://www.jaapsch.net/puzzles/}}

@misc{aiden06,
	Author = {Hardeep Aiden},
	Date-Modified = {2010-02-16 13:32:49 +0100},
	Howpublished = {WWW},
	Keywords = {context},
	Month = {March},
	Note = {Last viewed: 16/2},
	Title = {Anything but square: from magic squares to Sudoku},
	Url = {http://plus.maths.org/issue38/features/aiden/},
	Year = {2006},
	Bdsk-Url-1 = {http://plus.maths.org/issue38/features/aiden/}}
	
%% Articles:

@article{Trigg78,
	Author = {Charles W. Trigg},
	Date-Modified = {2010-02-16 13:37:30 +0100},
	Journal = {Mathematics Magazine},
	Keywords = {context},
	Month = {Januar},
	Pages = {18 -- 21},
	Publisher = {Mathematical Association of America},
	Title = {What Is Recreational Mathematics?},
	Url = {http://www.jstor.org/stable/2689642?seq=1\&cookieSet=1},
	Volume = {51},
	Year = {1978},
	Bdsk-Url-1 = {http://www.jstor.org/stable/2689642?seq=1%5C&cookieSet=1}}
	
%% Books:

@book{Gardner61,
	Author = {Martin Gardner},
	Date-Modified = {2010-02-16 13:37:50 +0100},
	Keywords = {context},
	Note = {Original title: The 2nd Scientific American Book of Mathematical Puzzles and Diversions},
	Publisher = {Simon and Schuster, Inc.},
	Title = {Mere Morsom Matematik},
	Year = {1961}}

@Book{Larsen81,
	author = {Mogens Esrom Larsen},
	title = {Rubiks terning},
	year = {1981},
	publisher = {Nyt Nordisk Forlag Arnold Busck}
}