%% This BibTeX bibliography file was created using BibDesk.
%% http://bibdesk.sourceforge.net/


%% Created for Rasmus Prentow at 2010-03-16 15:43:39 +0100 


%% Saved with string encoding Unicode (UTF-8) 

%%%WEBPAGES:
%Husk url, year, month hvis mulig og skriv last view ind i note

@misc{cubelovers92,
	Author = {Dik t. Winter},
	Date-Added = {2010-03-16 15:41:00 +0100},
	Date-Modified = {2010-03-16 15:43:39 +0100},
	Howpublished = {Emails},
	Keywords = {Theory},
	Month = {December},
	Note = {Last viewed: 15/4},
	Title = {Kociembas Algorithm},
	Url = {http://www.math.ucf.edu/~reid/Rubik/Cubelovers/cube-mail-8},
	Year = {1992},
	Bdsk-Url-1 = {http://www.eldar.org/~problemi/singmast/ecmutil.html}}

@misc{Heinz10,
	Author = {Harvey Heinz},
	Howpublished = {WWW},
	Month = {February},
	Note = {Last viewed: 17/2},
	Title = {Magic Cube Definitions},
	Url = {http://members.shaw.ca/hdhcubes/cube_define.htm},
	Year = {2010},
	Bdsk-Url-1 = {http://members.shaw.ca/hdhcubes/cube_define.htm}}

@misc{Heinz09,
	Author = {Harvey Heinz},
	Howpublished = {WWW},
	Month = {October},
	Note = {Last viewed: 17/2},
	Title = {Magic Cubes - The Basics},
	Url = {http://members.shaw.ca/hdhcubes/cube\_basics.htm},
	Year = {2009},
	Bdsk-Url-1 = {http://members.shaw.ca/hdhcubes/cube%5C_basics.htm}}

@misc{speedsolving.com,
	Author = {Forum; Various arthors},
	Date-Added = {2010-02-16 13:53:10 +0100},
	Date-Modified = {2010-02-16 13:53:10 +0100},
	Howpublished = {WWW},
	Keywords = {forum},
	Month = {February},
	Note = {Last viewed: 16/2},
	Title = {Speedsolving.com - All Puzzles. All The Time : Speedsolving the Rubik's Cube},
	Url = {http://www.speedsolving.com/},
	Year = {2010},
	Bdsk-Url-1 = {http://www.speedsolving.com/}}

@misc{speedcubing.dk,
	Author = {Forum; Various arthors},
	Date-Added = {2010-02-16 13:49:22 +0100},
	Date-Modified = {2010-02-16 13:54:31 +0100},
	Howpublished = {WWW},
	Keywords = {forum},
	Month = {February},
	Note = {Last viewed: 16/2},
	Title = {Speedcubing.dk - alt om speedcubing i danmark},
	Url = {http://speedcubing.dk/},
	Year = {2010},
	Bdsk-Url-1 = {http://speedcubing.dk/}}

@misc{jasminLee08,
	Author = {Jasmin Lee},
	Date-Added = {2010-02-16 13:46:04 +0100},
	Date-Modified = {2010-02-16 13:49:15 +0100},
	Day = {17},
	Howpublished = {PDF and WWW},
	Keywords = {guides},
	Month = {July},
	Note = {Last viewed: 16/2},
	Title = {Beginner Solution to the Rubik's Cube},
	Url = {http://peter.stillhq.com/jasmine/rubikscubesolution.html},
	Year = {2008},
	Bdsk-Url-1 = {http://peter.stillhq.com/jasmine/rubikscubesolution.html}}

@misc{wca,
	Author = {Ron van Bruchem and Tyson Mao and Masayuki Akimoto},
	Date-Added = {2010-02-16 13:36:19 +0100},
	Date-Modified = {2010-02-16 13:36:19 +0100},
	Howpublished = {WWW},
	Keywords = {wca},
	Month = {February},
	Note = {Last viewed: 16/2},
	Title = {World Cube Association},
	Url = {http://www.worldcubeassociation.org/},
	Year = {2010},
	Bdsk-Url-1 = {http://www.worldcubeassociation.org/}}

@misc{wca/competitions,
	Author = {Ron van Bruchem and Tyson Mao and Masayuki Akimoto},
	Date-Added = {2010-02-16 13:29:11 +0100},
	Date-Modified = {2010-02-16 13:37:11 +0100},
	Howpublished = {WWW},
	Keywords = {wca},
	Month = {February},
	Note = {Last viewed: 16/2},
	Title = {World Cube Association - Official Results},
	Url = {http://www.worldcubeassociation.org/competitions},
	Year = {2010},
	Bdsk-Url-1 = {http://www.worldcubeassociation.org/competitions}}

@misc{Singmaster98,
	Author = {David Singmaster},
	Date = {22},
	Date-Modified = {2010-02-16 13:37:41 +0100},
	Howpublished = {WWW},
	Keywords = {context},
	Month = {December},
	Note = {Last viewed: 15/2},
	Title = {THE UNREASONABLE UTILITY OF RECREATIONAL MATHEMATICS},
	Url = {http://www.eldar.org/~problemi/singmast/ecmutil.html},
	Year = {1998},
	Bdsk-Url-1 = {http://www.eldar.org/~problemi/singmast/ecmutil.html}}

@misc{jaapsch,
	Author = {Jaap Scherphuis},
	Date-Modified = {2010-02-16 13:32:59 +0100},
	Howpublished = {WWW},
	Keywords = {context},
	Note = {Last viewed: 16/2},
	Title = {Jaap's Puzzle Page},
	Url = {http://www.jaapsch.net/puzzles/},
	Year = {2010},
	Bdsk-Url-1 = {http://www.jaapsch.net/puzzles/}}

@misc{aiden06,
	Author = {Hardeep Aiden},
	Date-Modified = {2010-02-16 13:32:49 +0100},
	Howpublished = {WWW},
	Keywords = {context},
	Month = {March},
	Note = {Last viewed: 16/2},
	Title = {Anything but square: from magic squares to Sudoku},
	Url = {http://plus.maths.org/issue38/features/aiden/},
	Year = {2006},
	Bdsk-Url-1 = {http://plus.maths.org/issue38/features/aiden/}}

@misc{rokicki,
	Author = {Tom Rokicki},
	Date-Modified = {UNKNOWN DATE},
	Howpublished = {WWW},
	Keywords = {Theory},
	Month = {UNKNOWN MONTH},
	Note = {Last viewed: 24/2},
	Title = {Tom Rokicki's Personal Web Server},
	Url = {http://tomas.rokicki.com/},
	Year = {UNKNOWN YEAR},
	Bdsk-Url-1 = {http://tomas.rokicki.com/}}

@misc{kociemba09,
	Author = {Herbert Kociemba},
	Howpublished = {WWW},
	Title = {Cube Explorer 4.64},
	Url = {http://kociemba.org/cube.htm},
	Year = {2009},
	Bdsk-Url-1 = {http://kociemba.org/cube.htm}}
	
@Misc{speedsolving.forum,
	author = {Jelsoft Enterprises Ltd},
	title  = {Speedsolving the Rubik's Cube \& Other Puzzles},
	year = {2010},
	howpublished = {WWW},
	url = {http://www.speedsolving.com/forum/index.php},
	note = {Last viewed: 18/3}
}

@Misc{speedsolving.wiki,
	author = {Jelsoft Enterprises Ltd},
	title  = {Superflip - Speedsolving.com Wiki} ,
	year = {2010},
	month = {January},
	howpublished = {WWW},
	url = {http://www.speedsolving.com/wiki/index.php/Superflip},
	note = {Last viewed: 23/3}
}


@misc{beginner,
	Author = {Alan Chang},
	Date-Modified = {9},
	Howpublished = {WWW},
	Keywords = {Theory},
	Month = {February},
	Note = {Last viewed: 18/3},
	Title = {Learn2cube},
	Url = {http://www.learn2cube.com},
	Year = {2009}}
	
@Misc{mathDef,
	author = {Oxford English Dictionary},
	title  = {},
	year = {2009},
	month = {September},
	howpublished = {WWW},
	url = {http://dictionary.oed.com/cgi/entry/00303352?query\_type=word\&queryword=mathematics\&first=1\&max_to_show=10\&sort\_type=alpha\&result\_place=1\&search\_id=5rjq-9Fx2ug-2173\&hilite=00303352},
	note = {Last viewed: 31/3}
}

@Misc{mathDef2,
	author = {},
	title  = {Encyclop\ae{}dia Britannica},
	year = {2010},
	howpublished = {WWW},
	url = {http://www.britannica.com/EBchecked/topic/369194/mathematics},
	note = {Last viewed: 5/4}
}

@Misc{TUD,
	author = {Technische Universit�t Darmstadt},
	title  = {Technische Universit�t Darmstadt},
	year = {2010},
	month = {April}
	howpublished = {WWW},
	url = {http://www.tu-darmstadt.de/},
	note = {Last viewed: 13/4}
}

%END OF WEBSITES







%%%ARTICLES:

@article{rokicki09,
	Author = {Tomas Rocicki},
	Journal = {Mathematical Entertainments},
	Month = {November},
	Title = {Twenty-Two Moves Suffice for Rubik's Cube},
	Year = {2009}}

@article{Trigg78,
	Author = {Charles W. Trigg},
	Date-Modified = {2010-02-16 13:37:30 +0100},
	Journal = {Mathematics Magazine},
	Keywords = {context},
	Month = {Januar},
	Pages = {18 -- 21},
	Publisher = {Mathematical Association of America},
	Title = {What Is Recreational Mathematics?},
	Url = {http://www.jstor.org/stable/2689642?seq=1\&cookieSet=1},
	Volume = {51},
	Year = {1978},
	Bdsk-Url-1 = {http://www.jstor.org/stable/2689642?seq=1\%5C\&cookieSet=1}}

@article{groupt,
	Author = {Janet Chen},
	Date-Modified = {2010-04-13 13:46:30 +0100},
	Pages = {39},
	Title = {Group Theory and the Rubiks cube},
	Url = {www.math.harvard.edu/~jjchen/docs/Group Theory and the Rubik's Cube.pdf},
	Year = {1978},
	Bdsk-Url-1 = {www.math.harvard.edu/~jjchen/docs/Group Theory and the Rubik's Cube.pdf}}


%%%BOOKS:

@book{Gardner61,
	Author = {Martin Gardner},
	Date-Modified = {2010-02-16 13:37:50 +0100},
	Keywords = {context},
	Note = {Original title: The 2nd Scientific American Book of Mathematical Puzzles and Diversions},
	Publisher = {Simon and Schuster, Inc.},
	Title = {Mere Morsom Matematik},
	Year = {1961}}

@book{Larsen81,
	Author = {Mogens Esrom Larsen},
	Publisher = {Nyt Nordisk Forlag Arnold Busck},
	Title = {Rubiks terning},
	Year = {1981}},
	note = {ISBN: 87-17-02939-2}

@Book{Rosen07,
	author = {Kenneth H. Rosen},
	title = {Discrete Mathematics And Its Applications},
	edition = {Sixth},
	year = {2007},
	publisher = {McGraw-Hill},
	note = {ISBN-13: 978-007-124474-9}
}

@Book{Rubik87,
	author = {Ern� Rubik and Tam�s Varga and Cerzson K�ri and Gy�rgy Marx and Tam�s Vekerdy},
	title = {Rubik's Cubic Compendium},
	year = {1987},
	publisher = {Oxford University Press},
	note = {ISBN: 0-19-853202-4}
}
